@inproceedings{hanski2025link,
  title={Link Traversal over Decentralised Environments using Restart-Based Query Planning},
  author={Hanski, Jonni and Van Braeckel, Simon and Taelman, Ruben and Verborgh, Ruben},
  booktitle={International Conference on Web Engineering},
  year={2025}
}

@inproceedings{taelman2023link,
  title={Link traversal query processing over decentralized environments with structural assumptions},
  author={Taelman, Ruben and Verborgh, Ruben},
  booktitle={International Semantic Web Conference},
  pages={3--22},
  year={2023},
  organization={Springer}
}

@inproceedings{hartig2016walking,
  title={Walking without a map: Ranking-based traversal for querying linked data},
  author={Hartig, Olaf and {\"O}zsu, M Tamer},
  booktitle={International Semantic Web Conference},
  pages={305--324},
  year={2016},
  organization={Springer}
}

@article{tam2024opportunities,
  title={Opportunities for Shape-based Optimization of Link Traversal Queries},
  author={Tam, Bryan-Elliott and Taelman, Ruben and Colpaert, Pieter and Verborgh, Ruben},
  journal={arXiv preprint arXiv:2407.00998},
  year={2024}
}